<record><leader>00000cas a22000007a 4500</leader><controlfield tag="001">29932077</controlfield><controlfield tag="008">940309c19919999mauwr ne      0    0eng d</controlfield><datafield ind1=" " ind2=" " tag="010"><subfield code="a">sn 94055527 </subfield></datafield><datafield ind1=" " ind2=" " tag="040"><subfield code="a">MGN</subfield><subfield code="b">eng</subfield><subfield code="c">MGN</subfield><subfield code="d">OCLCQ</subfield></datafield><datafield ind1=" " ind2=" " tag="042"><subfield code="a">msc</subfield></datafield><datafield ind1="0" ind2="4" tag="245"><subfield code="a">The Bolton common.</subfield></datafield><datafield ind1=" " ind2=" " tag="260"><subfield code="a">Bolton, Mass. :</subfield><subfield code="b">Harvard Post Newspapers, Inc.</subfield></datafield><datafield ind1=" " ind2=" " tag="300"><subfield code="a">v.</subfield></datafield><datafield ind1=" " ind2=" " tag="310"><subfield code="a">Weekly</subfield></datafield><datafield ind1="0" ind2=" " tag="362"><subfield code="a">Vol. 4, no. 160 (Nov. 1, 1991)-</subfield></datafield><datafield ind1=" " ind2=" " tag="752"><subfield code="a">United States</subfield><subfield code="b">Massachusetts</subfield><subfield code="c">Worcester</subfield><subfield code="d">Bolton.</subfield></datafield><datafield ind1="0" ind2="0" tag="780"><subfield code="t">Bolton common with the Harvard post</subfield><subfield code="w">(DLC)sn 89062471</subfield></datafield></record>